%YAML 1.1
%TAG !u! tag:unity3d.com,2011:
--- !u!1 &647296483838744078
GameObject:
  m_ObjectHideFlags: 0
  m_CorrespondingSourceObject: {fileID: 0}
  m_PrefabInstance: {fileID: 0}
  m_PrefabAsset: {fileID: 0}
  serializedVersion: 6
  m_Component:
  - component: {fileID: 6982019823444533544}
  - component: {fileID: 8355811036224668650}
  - component: {fileID: 6096676195888847406}
  - component: {fileID: 7667308124837429180}
  m_Layer: 0
  m_Name: Project Panel
  m_TagString: Untagged
  m_Icon: {fileID: 0}
  m_NavMeshLayer: 0
  m_StaticEditorFlags: 0
  m_IsActive: 1
--- !u!4 &6982019823444533544
Transform:
  m_ObjectHideFlags: 0
  m_CorrespondingSourceObject: {fileID: 0}
  m_PrefabInstance: {fileID: 0}
  m_PrefabAsset: {fileID: 0}
  m_GameObject: {fileID: 647296483838744078}
  serializedVersion: 2
  m_LocalRotation: {x: 0, y: 0, z: 0, w: 1}
  m_LocalPosition: {x: 0, y: 0, z: 0}
  m_LocalScale: {x: 1, y: 1, z: 1}
  m_ConstrainProportionsScale: 0
  m_Children:
  - {fileID: 8531351044374461353}
  - {fileID: 6010752659169536280}
  - {fileID: 7599670549276912715}
  - {fileID: 1760190517289090519}
  - {fileID: 5753672103618742165}
  m_Father: {fileID: 0}
  m_LocalEulerAnglesHint: {x: 0, y: 0, z: 0}
--- !u!114 &8355811036224668650
MonoBehaviour:
  m_ObjectHideFlags: 0
  m_CorrespondingSourceObject: {fileID: 0}
  m_PrefabInstance: {fileID: 0}
  m_PrefabAsset: {fileID: 0}
  m_GameObject: {fileID: 647296483838744078}
  m_Enabled: 1
  m_EditorHideFlags: 0
  m_Script: {fileID: 11500000, guid: 6c608ce6daec05d44b70223b6f7db227, type: 3}
  m_Name: 
  m_EditorClassIdentifier: 
  notes:
  - {fileID: 21300000, guid: 7304f5f847d4e4649b0d4b4386961e39, type: 3}
  - {fileID: 21300000, guid: 6987853ca65da8a4e942b627882d166a, type: 3}
  - {fileID: 21300000, guid: fbaa13902fbec3a4b8a36d06024a51e4, type: 3}
  - {fileID: 21300000, guid: c8711d043c6b73b49a9def8b282eb31f, type: 3}
  - {fileID: 21300000, guid: b2a763727884e8044a16fbae61f217e8, type: 3}
  - {fileID: 21300000, guid: a7993b8809103674dbd6cf4193c9ec84, type: 3}
  - {fileID: 21300000, guid: 409e74d9c0d7ec945a7aa0eaa168e741, type: 3}
  - {fileID: 21300000, guid: 796227170536ad5479bd4f4fbf76e901, type: 3}
  - {fileID: 21300000, guid: ed1e049510269774ba8a0bd16a240988, type: 3}
  - {fileID: 21300000, guid: ea198c93edbc7514fac6e0f49c2bd20e, type: 3}
  audioClips:
  - {fileID: 8300000, guid: 1fcd471c18b47eb4aaae7205af3db0d0, type: 3}
  - {fileID: 8300000, guid: 0559dce1597db2a478d04b2f75e7f47f, type: 3}
  - {fileID: 8300000, guid: e668b5d8862297442a29f7e8671ab561, type: 3}
  - {fileID: 8300000, guid: 8b47dca7a3d5c754396866b1025b285b, type: 3}
  - {fileID: 8300000, guid: d26d3d6d88be90f4faec3c6037081490, type: 3}
  - {fileID: 8300000, guid: bcf278d630479d74a9b078bfaf2e37eb, type: 3}
  - {fileID: 8300000, guid: df27df1178a721b4ea8a47f1f731564a, type: 3}
  - {fileID: 8300000, guid: c7394947cf20dbe4bb84600370c6d1b6, type: 3}
  - {fileID: 8300000, guid: f55c2ddbd0a666a498d6fe14900851b0, type: 3}
  - {fileID: 8300000, guid: e669131d3eab2f74186ec04d6e2c4c55, type: 3}
  - {fileID: 8300000, guid: 7e1b76b2b20f94045a44709a794f0526, type: 3}
  - {fileID: 8300000, guid: cee40a4ff51943d4da683a50a2df4037, type: 3}
  - {fileID: 8300000, guid: 33a8375120d881e42a5aaf5878d4e73e, type: 3}
  - {fileID: 8300000, guid: 8feab5c6a9b3b65439f7d8d71a1e6611, type: 3}
  - {fileID: 8300000, guid: 5e7c2e3ba588182408202a91ed4f7831, type: 3}
  - {fileID: 8300000, guid: 32bb54b2054c7f54784f9612fd9b10d0, type: 3}
  - {fileID: 8300000, guid: 48849ec25a01da449beda3bc1b33f1b3, type: 3}
  - {fileID: 8300000, guid: 041b66c86bbfd9b428e00224e8bd6a9d, type: 3}
  - {fileID: 8300000, guid: 0c0f25eeba264254c986d48c19cf89b4, type: 3}
  - {fileID: 8300000, guid: 7d4ec4b44c066884ea363a874c3cc68c, type: 3}
  - {fileID: 8300000, guid: cc69521cea0fd4240bdf9658e77615b1, type: 3}
  - {fileID: 8300000, guid: 95ea2c5e00af2f040bdcf31c69f2ee46, type: 3}
  - {fileID: 8300000, guid: 4f84c6c814e5249468a2b7916f9a8ca8, type: 3}
  - {fileID: 8300000, guid: 5d63a6bddb1f5194bbc9cb6e7c11a517, type: 3}
  - {fileID: 8300000, guid: b5ef707a904b1a344a0079e1521976aa, type: 3}
  - {fileID: 8300000, guid: 6c1d2a451dec4e042900e2e6fc3f0784, type: 3}
  - {fileID: 8300000, guid: aa48b43140b3c52459feb210fc4c3c2a, type: 3}
  - {fileID: 8300000, guid: cfe3dd6e557d81b40b3959882e0c665d, type: 3}
  - {fileID: 8300000, guid: c50d6e172285c2645858cf379215aac3, type: 3}
  - {fileID: 8300000, guid: 3340b9b7c2a32d54b98a7d9e5b8c3a0d, type: 3}
  - {fileID: 8300000, guid: 59e724c8d3d40e14f97b71ec06692366, type: 3}
  - {fileID: 8300000, guid: 5f6a8fa3c5789774081950ec5cd4ad39, type: 3}
  - {fileID: 8300000, guid: 9776d29fd5809f4428ba4e872cad81d8, type: 3}
  - {fileID: 8300000, guid: eae5647b86c85f140a88fb1f945c32ce, type: 3}
  - {fileID: 8300000, guid: a2ada9299c3fd9e4c9214d442ab7a328, type: 3}
  - {fileID: 8300000, guid: d7f0397c7d0e2604ba823963af24a101, type: 3}
  - {fileID: 8300000, guid: ffd9d7cf2df34d24fab3388791f6732f, type: 3}
  - {fileID: 8300000, guid: c40d52cc39eadf843be5e69b37769a60, type: 3}
  - {fileID: 8300000, guid: fc045f75b266dab40b69ef4ba1316fcc, type: 3}
  - {fileID: 8300000, guid: f129ba646f24b184fbd9bfb7a6c7d556, type: 3}
  - {fileID: 8300000, guid: 70283918921c1f547b34704f556ae1f5, type: 3}
  - {fileID: 8300000, guid: 3bf4012c1ea76b04ba16575ae1616141, type: 3}
  - {fileID: 8300000, guid: 08dce5b9b549ca24f98fd9c3ef9c2eb4, type: 3}
  - {fileID: 8300000, guid: 4eb17748f46ef5b40a6fbdc2f89c4319, type: 3}
  - {fileID: 8300000, guid: 035178dfb74c79846b66062670926b34, type: 3}
  - {fileID: 8300000, guid: 2a592ddef7b24044ab863e5b0a3466c5, type: 3}
  - {fileID: 8300000, guid: 8a2d8828df5a1274a90e74b978c59f6a, type: 3}
  - {fileID: 8300000, guid: bf758a851ee4020418e356229add8e30, type: 3}
  - {fileID: 8300000, guid: e9b4c125c0d202740b7534571b59ef7b, type: 3}
  - {fileID: 8300000, guid: 189f00effe2bb234dbc2f67dd0f45b14, type: 3}
  - {fileID: 8300000, guid: 644d4174345d16b49ba42d983301a66c, type: 3}
  - {fileID: 8300000, guid: 59187cb45248f174eb25adb6e132ee81, type: 3}
  - {fileID: 8300000, guid: 0f3032b19ba82514b977c444d9aa184c, type: 3}
  - {fileID: 8300000, guid: 85a219d9939f9d54098dbceede63cd0e, type: 3}
  - {fileID: 8300000, guid: e298dcb6783bbc043bab503d6469c0bf, type: 3}
  - {fileID: 8300000, guid: 999f0a9d42e5fb844858a4da21233c2e, type: 3}
  - {fileID: 8300000, guid: a197a7d0f7534a6409f9076d998f0576, type: 3}
  - {fileID: 8300000, guid: 889ac5871024bfb43be705d706c9cf46, type: 3}
  - {fileID: 8300000, guid: 7dc51c1a67c19f043becf7f94a122506, type: 3}
  - {fileID: 8300000, guid: 8795a1417aacefe48b6ab9f7da3c4f77, type: 3}
  - {fileID: 8300000, guid: 46fd1f53baf6d0449a2f578271c92b77, type: 3}
  - {fileID: 8300000, guid: 79f3e9542f9a6c0429a339472c41fd14, type: 3}
  - {fileID: 8300000, guid: 3588c9c546ee60841b5ab57287da5793, type: 3}
  - {fileID: 8300000, guid: b340f934e2b96db48809542c91f829bd, type: 3}
  - {fileID: 8300000, guid: 03b8e0a8c2229c547bf625e88427c0b3, type: 3}
  - {fileID: 8300000, guid: 08a9a0fd2d8c2ff48b8f969de4402811, type: 3}
  - {fileID: 8300000, guid: ac2ef3dd32a156b4997dae8695e35298, type: 3}
  - {fileID: 8300000, guid: 6847d75bb7f69a54bbb154d74ea2b180, type: 3}
  - {fileID: 8300000, guid: efa2e0dfd73420044a13b04cd1832215, type: 3}
  - {fileID: 8300000, guid: 55074e9d1c43fc543bca1dbaf004d7f1, type: 3}
  - {fileID: 8300000, guid: a174ee4212cf627409723eac4b0dd9d1, type: 3}
  - {fileID: 8300000, guid: 627c2171236782a4b8cea1505b3b4435, type: 3}
  - {fileID: 8300000, guid: 1fb926f084e181d458f36b93dbcf3cf3, type: 3}
  - {fileID: 8300000, guid: db6efd1d593b9b247a8e1cde0162f49b, type: 3}
  - {fileID: 8300000, guid: d11a7d73f9fb4c247b4726cc9cce971e, type: 3}
  - {fileID: 8300000, guid: 0c1b908bdc3d0de4eb52869232e06534, type: 3}
  - {fileID: 8300000, guid: 3555c99b62b5e094fac4b85fbbec504b, type: 3}
  - {fileID: 8300000, guid: 4d55b7b3eddc2df40a2d69208e3ab07b, type: 3}
  - {fileID: 8300000, guid: 7b3661734f75e4947b88ff46300a5a44, type: 3}
  - {fileID: 8300000, guid: a90d95ba4dc486242a61b8ef433f5f9c, type: 3}
  - {fileID: 8300000, guid: b2c1b98dff0544d4594a0cc3f036856a, type: 3}
  - {fileID: 8300000, guid: 8df445290110f1f4d944ca6e96856b92, type: 3}
  - {fileID: 8300000, guid: 1c45e5433d4e67e409eccc8668a96f67, type: 3}
  - {fileID: 8300000, guid: 952d60ee34186424ca677e5e8e4c3229, type: 3}
  - {fileID: 8300000, guid: 3a11b813f697869418eb3a6408da17cc, type: 3}
  - {fileID: 8300000, guid: f36cc79eb3f9e5845ba6dd3b6e98fbcb, type: 3}
  - {fileID: 8300000, guid: fde6edc54a3e49643a01af3c629f24da, type: 3}
  - {fileID: 8300000, guid: cfd6ea1cf08365c4995e4bc05f934564, type: 3}
  - {fileID: 8300000, guid: 96ed5fea90240db42929eae776e2f3b3, type: 3}
  sound: {fileID: 3084534857919003245, guid: ef4f87b9228e543488b4f026350c520e, type: 3}
  leftHandTact: {fileID: 604722750890836199}
  rightHandTact: {fileID: 6783365395812084740}
  pieciolinia: {fileID: 3200238998835665834}
  piano: {fileID: 8109087701241280211}
  positions: 16
  tacts: 1
  projectName: 
  autorName: 
  licence: 
  filePath: 
  fileType: 
  activeNote: 2
  isSilent: 0
--- !u!114 &6096676195888847406
MonoBehaviour:
  m_ObjectHideFlags: 0
  m_CorrespondingSourceObject: {fileID: 0}
  m_PrefabInstance: {fileID: 0}
  m_PrefabAsset: {fileID: 0}
  m_GameObject: {fileID: 647296483838744078}
  m_Enabled: 1
  m_EditorHideFlags: 0
  m_Script: {fileID: 11500000, guid: 65b140fc81def5f47b1aaec15e5f06f7, type: 3}
  m_Name: 
  m_EditorClassIdentifier: 
  soundSettings: {fileID: 643811217394684662}
--- !u!114 &7667308124837429180
MonoBehaviour:
  m_ObjectHideFlags: 0
  m_CorrespondingSourceObject: {fileID: 0}
  m_PrefabInstance: {fileID: 0}
  m_PrefabAsset: {fileID: 0}
  m_GameObject: {fileID: 647296483838744078}
  m_Enabled: 1
  m_EditorHideFlags: 0
  m_Script: {fileID: 11500000, guid: 2d38f3549754de943bc86d1f68c9725b, type: 3}
  m_Name: 
  m_EditorClassIdentifier: 
--- !u!1 &4524483477066200616
GameObject:
  m_ObjectHideFlags: 0
  m_CorrespondingSourceObject: {fileID: 0}
  m_PrefabInstance: {fileID: 0}
  m_PrefabAsset: {fileID: 0}
  serializedVersion: 6
  m_Component:
  - component: {fileID: 5753672103618742165}
  - component: {fileID: 3273688309522472799}
  m_Layer: 0
  m_Name: Background
  m_TagString: Untagged
  m_Icon: {fileID: 0}
  m_NavMeshLayer: 0
  m_StaticEditorFlags: 0
  m_IsActive: 1
--- !u!4 &5753672103618742165
Transform:
  m_ObjectHideFlags: 0
  m_CorrespondingSourceObject: {fileID: 0}
  m_PrefabInstance: {fileID: 0}
  m_PrefabAsset: {fileID: 0}
  m_GameObject: {fileID: 4524483477066200616}
  serializedVersion: 2
  m_LocalRotation: {x: -0, y: -0, z: -0, w: 1}
  m_LocalPosition: {x: 0, y: 0, z: 0}
  m_LocalScale: {x: 1920, y: 1079.9999, z: 1}
  m_ConstrainProportionsScale: 0
  m_Children: []
  m_Father: {fileID: 6982019823444533544}
  m_LocalEulerAnglesHint: {x: 0, y: 0, z: 0}
--- !u!212 &3273688309522472799
SpriteRenderer:
  m_ObjectHideFlags: 0
  m_CorrespondingSourceObject: {fileID: 0}
  m_PrefabInstance: {fileID: 0}
  m_PrefabAsset: {fileID: 0}
  m_GameObject: {fileID: 4524483477066200616}
  m_Enabled: 1
  m_CastShadows: 0
  m_ReceiveShadows: 0
  m_DynamicOccludee: 1
  m_StaticShadowCaster: 0
  m_MotionVectors: 1
  m_LightProbeUsage: 1
  m_ReflectionProbeUsage: 1
  m_RayTracingMode: 0
  m_RayTraceProcedural: 0
  m_RenderingLayerMask: 1
  m_RendererPriority: 0
  m_Materials:
  - {fileID: 10754, guid: 0000000000000000f000000000000000, type: 0}
  m_StaticBatchInfo:
    firstSubMesh: 0
    subMeshCount: 0
  m_StaticBatchRoot: {fileID: 0}
  m_ProbeAnchor: {fileID: 0}
  m_LightProbeVolumeOverride: {fileID: 0}
  m_ScaleInLightmap: 1
  m_ReceiveGI: 1
  m_PreserveUVs: 0
  m_IgnoreNormalsForChartDetection: 0
  m_ImportantGI: 0
  m_StitchLightmapSeams: 1
  m_SelectedEditorRenderState: 0
  m_MinimumChartSize: 4
  m_AutoUVMaxDistance: 0.5
  m_AutoUVMaxAngle: 89
  m_LightmapParameters: {fileID: 0}
  m_SortingLayerID: 0
  m_SortingLayer: 0
  m_SortingOrder: -5
  m_Sprite: {fileID: 7482667652216324306, guid: 311925a002f4447b3a28927169b83ea6, type: 3}
  m_Color: {r: 0, g: 0.06725451, b: 0.3962264, a: 1}
  m_FlipX: 0
  m_FlipY: 0
  m_DrawMode: 0
  m_Size: {x: 1, y: 1}
  m_AdaptiveModeThreshold: 0.5
  m_SpriteTileMode: 0
  m_WasSpriteAssigned: 1
  m_MaskInteraction: 0
  m_SpriteSortPoint: 0
--- !u!1001 &3321141740478227148
PrefabInstance:
  m_ObjectHideFlags: 0
  serializedVersion: 2
  m_Modification:
    serializedVersion: 3
    m_TransformParent: {fileID: 6982019823444533544}
    m_Modifications:
    - target: {fileID: 2808089154285842490, guid: f3e77a90b1f573746bdb83b9676a0ced, type: 3}
      propertyPath: m_Name
      value: SoundSettings
      objectReference: {fileID: 0}
    - target: {fileID: 2808089154285842490, guid: f3e77a90b1f573746bdb83b9676a0ced, type: 3}
      propertyPath: m_IsActive
      value: 0
      objectReference: {fileID: 0}
    - target: {fileID: 5412988651874831817, guid: f3e77a90b1f573746bdb83b9676a0ced, type: 3}
      propertyPath: pieciolinia
      value: 
      objectReference: {fileID: 3200238998835665834}
    - target: {fileID: 5412988651874831817, guid: f3e77a90b1f573746bdb83b9676a0ced, type: 3}
      propertyPath: projectContoller
      value: 
      objectReference: {fileID: 8355811036224668650}
    - target: {fileID: 9042501701443357652, guid: f3e77a90b1f573746bdb83b9676a0ced, type: 3}
      propertyPath: m_LocalPosition.x
      value: 835
      objectReference: {fileID: 0}
    - target: {fileID: 9042501701443357652, guid: f3e77a90b1f573746bdb83b9676a0ced, type: 3}
      propertyPath: m_LocalPosition.y
      value: -405
      objectReference: {fileID: 0}
    - target: {fileID: 9042501701443357652, guid: f3e77a90b1f573746bdb83b9676a0ced, type: 3}
      propertyPath: m_LocalPosition.z
      value: 0
      objectReference: {fileID: 0}
    - target: {fileID: 9042501701443357652, guid: f3e77a90b1f573746bdb83b9676a0ced, type: 3}
      propertyPath: m_LocalRotation.w
      value: 1
      objectReference: {fileID: 0}
    - target: {fileID: 9042501701443357652, guid: f3e77a90b1f573746bdb83b9676a0ced, type: 3}
      propertyPath: m_LocalRotation.x
      value: -0
      objectReference: {fileID: 0}
    - target: {fileID: 9042501701443357652, guid: f3e77a90b1f573746bdb83b9676a0ced, type: 3}
      propertyPath: m_LocalRotation.y
      value: -0
      objectReference: {fileID: 0}
    - target: {fileID: 9042501701443357652, guid: f3e77a90b1f573746bdb83b9676a0ced, type: 3}
      propertyPath: m_LocalRotation.z
      value: -0
      objectReference: {fileID: 0}
    - target: {fileID: 9042501701443357652, guid: f3e77a90b1f573746bdb83b9676a0ced, type: 3}
      propertyPath: m_LocalEulerAnglesHint.x
      value: 0
      objectReference: {fileID: 0}
    - target: {fileID: 9042501701443357652, guid: f3e77a90b1f573746bdb83b9676a0ced, type: 3}
      propertyPath: m_LocalEulerAnglesHint.y
      value: 0
      objectReference: {fileID: 0}
    - target: {fileID: 9042501701443357652, guid: f3e77a90b1f573746bdb83b9676a0ced, type: 3}
      propertyPath: m_LocalEulerAnglesHint.z
      value: 0
      objectReference: {fileID: 0}
    m_RemovedComponents: []
    m_RemovedGameObjects: []
    m_AddedGameObjects: []
    m_AddedComponents: []
  m_SourcePrefab: {fileID: 100100000, guid: f3e77a90b1f573746bdb83b9676a0ced, type: 3}
--- !u!1 &643811217394684662 stripped
GameObject:
  m_CorrespondingSourceObject: {fileID: 2808089154285842490, guid: f3e77a90b1f573746bdb83b9676a0ced, type: 3}
  m_PrefabInstance: {fileID: 3321141740478227148}
  m_PrefabAsset: {fileID: 0}
--- !u!4 &6010752659169536280 stripped
Transform:
  m_CorrespondingSourceObject: {fileID: 9042501701443357652, guid: f3e77a90b1f573746bdb83b9676a0ced, type: 3}
  m_PrefabInstance: {fileID: 3321141740478227148}
  m_PrefabAsset: {fileID: 0}
--- !u!1001 &4360061851855346829
PrefabInstance:
  m_ObjectHideFlags: 0
  serializedVersion: 2
  m_Modification:
    serializedVersion: 3
    m_TransformParent: {fileID: 6982019823444533544}
    m_Modifications:
    - target: {fileID: 1128789454667236161, guid: e48f32a14d30d7149807993f6e93dc9a, type: 3}
      propertyPath: m_Name
      value: Piano
      objectReference: {fileID: 0}
    - target: {fileID: 1128789454667236161, guid: e48f32a14d30d7149807993f6e93dc9a, type: 3}
      propertyPath: m_IsActive
      value: 0
      objectReference: {fileID: 0}
    - target: {fileID: 2315842534789045288, guid: e48f32a14d30d7149807993f6e93dc9a, type: 3}
      propertyPath: m_fontSize
      value: 44.75
      objectReference: {fileID: 0}
    - target: {fileID: 4855212209601832233, guid: e48f32a14d30d7149807993f6e93dc9a, type: 3}
      propertyPath: m_fontSize
      value: 72
      objectReference: {fileID: 0}
    - target: {fileID: 5397423096754415396, guid: e48f32a14d30d7149807993f6e93dc9a, type: 3}
      propertyPath: m_LocalScale.x
      value: 1
      objectReference: {fileID: 0}
    - target: {fileID: 5397423096754415396, guid: e48f32a14d30d7149807993f6e93dc9a, type: 3}
      propertyPath: m_LocalScale.y
      value: 1
      objectReference: {fileID: 0}
    - target: {fileID: 5397423096754415396, guid: e48f32a14d30d7149807993f6e93dc9a, type: 3}
      propertyPath: m_LocalPosition.x
      value: 28
      objectReference: {fileID: 0}
    - target: {fileID: 5397423096754415396, guid: e48f32a14d30d7149807993f6e93dc9a, type: 3}
      propertyPath: m_LocalPosition.y
      value: -402
      objectReference: {fileID: 0}
    - target: {fileID: 5397423096754415396, guid: e48f32a14d30d7149807993f6e93dc9a, type: 3}
      propertyPath: m_LocalPosition.z
      value: 0
      objectReference: {fileID: 0}
    - target: {fileID: 5397423096754415396, guid: e48f32a14d30d7149807993f6e93dc9a, type: 3}
      propertyPath: m_LocalRotation.w
      value: 1
      objectReference: {fileID: 0}
    - target: {fileID: 5397423096754415396, guid: e48f32a14d30d7149807993f6e93dc9a, type: 3}
      propertyPath: m_LocalRotation.x
      value: -0
      objectReference: {fileID: 0}
    - target: {fileID: 5397423096754415396, guid: e48f32a14d30d7149807993f6e93dc9a, type: 3}
      propertyPath: m_LocalRotation.y
      value: -0
      objectReference: {fileID: 0}
    - target: {fileID: 5397423096754415396, guid: e48f32a14d30d7149807993f6e93dc9a, type: 3}
      propertyPath: m_LocalRotation.z
      value: -0
      objectReference: {fileID: 0}
    - target: {fileID: 5397423096754415396, guid: e48f32a14d30d7149807993f6e93dc9a, type: 3}
      propertyPath: m_LocalEulerAnglesHint.x
      value: 0
      objectReference: {fileID: 0}
    - target: {fileID: 5397423096754415396, guid: e48f32a14d30d7149807993f6e93dc9a, type: 3}
      propertyPath: m_LocalEulerAnglesHint.y
      value: 0
      objectReference: {fileID: 0}
    - target: {fileID: 5397423096754415396, guid: e48f32a14d30d7149807993f6e93dc9a, type: 3}
      propertyPath: m_LocalEulerAnglesHint.z
      value: 0
      objectReference: {fileID: 0}
    - target: {fileID: 5479554098664073822, guid: e48f32a14d30d7149807993f6e93dc9a, type: 3}
      propertyPath: pieciolinia
      value: 
      objectReference: {fileID: 3200238998835665834}
    - target: {fileID: 5479554098664073822, guid: e48f32a14d30d7149807993f6e93dc9a, type: 3}
      propertyPath: settingsBar
      value: 
      objectReference: {fileID: 3168425907100331183}
    - target: {fileID: 5479554098664073822, guid: e48f32a14d30d7149807993f6e93dc9a, type: 3}
      propertyPath: projectContoller
      value: 
      objectReference: {fileID: 8355811036224668650}
    - target: {fileID: 5791166268230634539, guid: e48f32a14d30d7149807993f6e93dc9a, type: 3}
      propertyPath: m_OnClick.m_PersistentCalls.m_Calls.Array.data[0].m_MethodName
      value: OnButtonSkipPositionClicked
      objectReference: {fileID: 0}
    - target: {fileID: 8158202048363092924, guid: e48f32a14d30d7149807993f6e93dc9a, type: 3}
      propertyPath: m_fontSize
      value: 72
      objectReference: {fileID: 0}
    m_RemovedComponents: []
    m_RemovedGameObjects:
    - {fileID: 4681759291928955583, guid: e48f32a14d30d7149807993f6e93dc9a, type: 3}
    - {fileID: 1546053769729334530, guid: e48f32a14d30d7149807993f6e93dc9a, type: 3}
    - {fileID: 524596744739364308, guid: e48f32a14d30d7149807993f6e93dc9a, type: 3}
    - {fileID: 1613769760095382996, guid: e48f32a14d30d7149807993f6e93dc9a, type: 3}
    m_AddedGameObjects: []
    m_AddedComponents: []
  m_SourcePrefab: {fileID: 100100000, guid: e48f32a14d30d7149807993f6e93dc9a, type: 3}
--- !u!1 &3686276697079160780 stripped
GameObject:
  m_CorrespondingSourceObject: {fileID: 1128789454667236161, guid: e48f32a14d30d7149807993f6e93dc9a, type: 3}
  m_PrefabInstance: {fileID: 4360061851855346829}
  m_PrefabAsset: {fileID: 0}
--- !u!114 &8109087701241280211 stripped
MonoBehaviour:
  m_CorrespondingSourceObject: {fileID: 5479554098664073822, guid: e48f32a14d30d7149807993f6e93dc9a, type: 3}
  m_PrefabInstance: {fileID: 4360061851855346829}
  m_PrefabAsset: {fileID: 0}
  m_GameObject: {fileID: 3686276697079160780}
  m_Enabled: 1
  m_EditorHideFlags: 0
  m_Script: {fileID: 11500000, guid: 06230a3ffc1cecc45a62dd3800373e49, type: 3}
  m_Name: 
  m_EditorClassIdentifier: 
--- !u!4 &8531351044374461353 stripped
Transform:
  m_CorrespondingSourceObject: {fileID: 5397423096754415396, guid: e48f32a14d30d7149807993f6e93dc9a, type: 3}
  m_PrefabInstance: {fileID: 4360061851855346829}
  m_PrefabAsset: {fileID: 0}
--- !u!1001 &6289127085241532825
PrefabInstance:
  m_ObjectHideFlags: 0
  serializedVersion: 2
  m_Modification:
    serializedVersion: 3
    m_TransformParent: {fileID: 6982019823444533544}
    m_Modifications:
    - target: {fileID: 676715461489094045, guid: 373daf152686ceb4fb52fd6334233652, type: 3}
      propertyPath: piano
      value: 
      objectReference: {fileID: 8109087701241280211}
    - target: {fileID: 676715461489094045, guid: 373daf152686ceb4fb52fd6334233652, type: 3}
      propertyPath: projectContoller
      value: 
      objectReference: {fileID: 8355811036224668650}
    - target: {fileID: 1061468237734441908, guid: 373daf152686ceb4fb52fd6334233652, type: 3}
      propertyPath: m_fontSize
      value: 72
      objectReference: {fileID: 0}
    - target: {fileID: 1061468237734441908, guid: 373daf152686ceb4fb52fd6334233652, type: 3}
      propertyPath: m_fontColor32.rgba
      value: 4294967295
      objectReference: {fileID: 0}
    - target: {fileID: 1686111692393316273, guid: 373daf152686ceb4fb52fd6334233652, type: 3}
      propertyPath: m_SizeDelta.x
      value: 125
      objectReference: {fileID: 0}
    - target: {fileID: 1686111692393316273, guid: 373daf152686ceb4fb52fd6334233652, type: 3}
      propertyPath: m_AnchoredPosition.x
      value: -902.4
      objectReference: {fileID: 0}
    - target: {fileID: 1917654937261223641, guid: 373daf152686ceb4fb52fd6334233652, type: 3}
      propertyPath: m_SizeDelta.x
      value: 125
      objectReference: {fileID: 0}
    - target: {fileID: 1917654937261223641, guid: 373daf152686ceb4fb52fd6334233652, type: 3}
      propertyPath: m_AnchoredPosition.x
      value: 900.7
      objectReference: {fileID: 0}
    - target: {fileID: 3194994288487767941, guid: 373daf152686ceb4fb52fd6334233652, type: 3}
      propertyPath: m_Name
      value: Pieciolinia
      objectReference: {fileID: 0}
    - target: {fileID: 3194994288487767941, guid: 373daf152686ceb4fb52fd6334233652, type: 3}
      propertyPath: m_IsActive
      value: 0
      objectReference: {fileID: 0}
    - target: {fileID: 3505588273368995838, guid: 373daf152686ceb4fb52fd6334233652, type: 3}
      propertyPath: m_LocalPosition.x
      value: -538.1
      objectReference: {fileID: 0}
    - target: {fileID: 4481085867506134482, guid: 373daf152686ceb4fb52fd6334233652, type: 3}
      propertyPath: m_LocalPosition.x
      value: 0
      objectReference: {fileID: 0}
    - target: {fileID: 4481085867506134482, guid: 373daf152686ceb4fb52fd6334233652, type: 3}
      propertyPath: m_LocalPosition.y
      value: 110
      objectReference: {fileID: 0}
    - target: {fileID: 4481085867506134482, guid: 373daf152686ceb4fb52fd6334233652, type: 3}
      propertyPath: m_LocalPosition.z
      value: 0
      objectReference: {fileID: 0}
    - target: {fileID: 4481085867506134482, guid: 373daf152686ceb4fb52fd6334233652, type: 3}
      propertyPath: m_LocalRotation.w
      value: 1
      objectReference: {fileID: 0}
    - target: {fileID: 4481085867506134482, guid: 373daf152686ceb4fb52fd6334233652, type: 3}
      propertyPath: m_LocalRotation.x
      value: 0
      objectReference: {fileID: 0}
    - target: {fileID: 4481085867506134482, guid: 373daf152686ceb4fb52fd6334233652, type: 3}
      propertyPath: m_LocalRotation.y
      value: 0
      objectReference: {fileID: 0}
    - target: {fileID: 4481085867506134482, guid: 373daf152686ceb4fb52fd6334233652, type: 3}
      propertyPath: m_LocalRotation.z
      value: 0
      objectReference: {fileID: 0}
    - target: {fileID: 4481085867506134482, guid: 373daf152686ceb4fb52fd6334233652, type: 3}
      propertyPath: m_LocalEulerAnglesHint.x
      value: 0
      objectReference: {fileID: 0}
    - target: {fileID: 4481085867506134482, guid: 373daf152686ceb4fb52fd6334233652, type: 3}
      propertyPath: m_LocalEulerAnglesHint.y
      value: 0
      objectReference: {fileID: 0}
    - target: {fileID: 4481085867506134482, guid: 373daf152686ceb4fb52fd6334233652, type: 3}
      propertyPath: m_LocalEulerAnglesHint.z
      value: 0
      objectReference: {fileID: 0}
    - target: {fileID: 6060278356083928158, guid: 373daf152686ceb4fb52fd6334233652, type: 3}
      propertyPath: m_LocalPosition.x
      value: -765.6
      objectReference: {fileID: 0}
    - target: {fileID: 6373199386449602282, guid: 373daf152686ceb4fb52fd6334233652, type: 3}
      propertyPath: m_fontSize
      value: 72
      objectReference: {fileID: 0}
    - target: {fileID: 6373199386449602282, guid: 373daf152686ceb4fb52fd6334233652, type: 3}
      propertyPath: m_fontColor32.rgba
      value: 4294967295
      objectReference: {fileID: 0}
    - target: {fileID: 6635041571382706110, guid: 373daf152686ceb4fb52fd6334233652, type: 3}
      propertyPath: m_LocalPosition.x
      value: -765.6
      objectReference: {fileID: 0}
    - target: {fileID: 6855358105080693118, guid: 373daf152686ceb4fb52fd6334233652, type: 3}
      propertyPath: piano
      value: 
      objectReference: {fileID: 8109087701241280211}
    - target: {fileID: 6855358105080693118, guid: 373daf152686ceb4fb52fd6334233652, type: 3}
      propertyPath: projectContoller
      value: 
      objectReference: {fileID: 8355811036224668650}
    - target: {fileID: 7413324343441324829, guid: 373daf152686ceb4fb52fd6334233652, type: 3}
      propertyPath: m_LocalPosition.x
      value: -538.1
      objectReference: {fileID: 0}
    - target: {fileID: 8876313024272505395, guid: 373daf152686ceb4fb52fd6334233652, type: 3}
      propertyPath: piano
      value: 
      objectReference: {fileID: 8109087701241280211}
    - target: {fileID: 8876313024272505395, guid: 373daf152686ceb4fb52fd6334233652, type: 3}
      propertyPath: projectContoller
      value: 
      objectReference: {fileID: 8355811036224668650}
    m_RemovedComponents: []
    m_RemovedGameObjects: []
    m_AddedGameObjects: []
    m_AddedComponents: []
  m_SourcePrefab: {fileID: 100100000, guid: 373daf152686ceb4fb52fd6334233652, type: 3}
--- !u!114 &604722750890836199 stripped
MonoBehaviour:
  m_CorrespondingSourceObject: {fileID: 6855358105080693118, guid: 373daf152686ceb4fb52fd6334233652, type: 3}
  m_PrefabInstance: {fileID: 6289127085241532825}
  m_PrefabAsset: {fileID: 0}
  m_GameObject: {fileID: 2961597196854194817}
  m_Enabled: 1
  m_EditorHideFlags: 0
  m_Script: {fileID: 11500000, guid: 04f64b37a525a674784f9b84f04d6068, type: 3}
  m_Name: 
  m_EditorClassIdentifier: 
--- !u!1 &2961597196854194817 stripped
GameObject:
  m_CorrespondingSourceObject: {fileID: 9105930136797410072, guid: 373daf152686ceb4fb52fd6334233652, type: 3}
  m_PrefabInstance: {fileID: 6289127085241532825}
  m_PrefabAsset: {fileID: 0}
--- !u!114 &3200238998835665834 stripped
MonoBehaviour:
  m_CorrespondingSourceObject: {fileID: 8876313024272505395, guid: 373daf152686ceb4fb52fd6334233652, type: 3}
  m_PrefabInstance: {fileID: 6289127085241532825}
  m_PrefabAsset: {fileID: 0}
  m_GameObject: {fileID: 8868029274555883036}
  m_Enabled: 1
  m_EditorHideFlags: 0
  m_Script: {fileID: 11500000, guid: da900b0233cbd5e4aa5e0ad71ac3432c, type: 3}
  m_Name: 
  m_EditorClassIdentifier: 
--- !u!114 &6783365395812084740 stripped
MonoBehaviour:
  m_CorrespondingSourceObject: {fileID: 676715461489094045, guid: 373daf152686ceb4fb52fd6334233652, type: 3}
  m_PrefabInstance: {fileID: 6289127085241532825}
  m_PrefabAsset: {fileID: 0}
  m_GameObject: {fileID: 9177920657033600610}
  m_Enabled: 1
  m_EditorHideFlags: 0
  m_Script: {fileID: 11500000, guid: 04f64b37a525a674784f9b84f04d6068, type: 3}
  m_Name: 
  m_EditorClassIdentifier: 
--- !u!4 &7599670549276912715 stripped
Transform:
  m_CorrespondingSourceObject: {fileID: 4481085867506134482, guid: 373daf152686ceb4fb52fd6334233652, type: 3}
  m_PrefabInstance: {fileID: 6289127085241532825}
  m_PrefabAsset: {fileID: 0}
--- !u!1 &8868029274555883036 stripped
GameObject:
  m_CorrespondingSourceObject: {fileID: 3194994288487767941, guid: 373daf152686ceb4fb52fd6334233652, type: 3}
  m_PrefabInstance: {fileID: 6289127085241532825}
  m_PrefabAsset: {fileID: 0}
--- !u!1 &9177920657033600610 stripped
GameObject:
  m_CorrespondingSourceObject: {fileID: 2889606677955944443, guid: 373daf152686ceb4fb52fd6334233652, type: 3}
  m_PrefabInstance: {fileID: 6289127085241532825}
  m_PrefabAsset: {fileID: 0}
--- !u!1001 &7638744197565973168
PrefabInstance:
  m_ObjectHideFlags: 0
  serializedVersion: 2
  m_Modification:
    serializedVersion: 3
    m_TransformParent: {fileID: 6982019823444533544}
    m_Modifications:
    - target: {fileID: 37743810905757440, guid: 7fd160ed594203d45ab0f6dd23cf4c84, type: 3}
      propertyPath: m_fontSize
      value: 35.8
      objectReference: {fileID: 0}
    - target: {fileID: 192509533518073340, guid: 7fd160ed594203d45ab0f6dd23cf4c84, type: 3}
      propertyPath: m_fontSize
      value: 24
      objectReference: {fileID: 0}
    - target: {fileID: 592689249124999029, guid: 7fd160ed594203d45ab0f6dd23cf4c84, type: 3}
      propertyPath: m_fontSize
      value: 26.85
      objectReference: {fileID: 0}
    - target: {fileID: 592689249124999029, guid: 7fd160ed594203d45ab0f6dd23cf4c84, type: 3}
      propertyPath: m_fontColor32.rgba
      value: 4278190080
      objectReference: {fileID: 0}
    - target: {fileID: 973848375277107562, guid: 7fd160ed594203d45ab0f6dd23cf4c84, type: 3}
      propertyPath: m_fontSize
      value: 21.45
      objectReference: {fileID: 0}
    - target: {fileID: 973848375277107562, guid: 7fd160ed594203d45ab0f6dd23cf4c84, type: 3}
      propertyPath: m_fontColor32.rgba
      value: 4278190080
      objectReference: {fileID: 0}
    - target: {fileID: 1609753074039681919, guid: 7fd160ed594203d45ab0f6dd23cf4c84, type: 3}
      propertyPath: m_fontSize
      value: 24
      objectReference: {fileID: 0}
    - target: {fileID: 3159105179604446315, guid: 7fd160ed594203d45ab0f6dd23cf4c84, type: 3}
      propertyPath: m_OnClick.m_PersistentCalls.m_Calls.Array.data[0].m_Target
      value: 
      objectReference: {fileID: 3926258743727501094}
    - target: {fileID: 3159105179604446315, guid: 7fd160ed594203d45ab0f6dd23cf4c84, type: 3}
      propertyPath: m_OnClick.m_PersistentCalls.m_Calls.Array.data[0].m_MethodName
      value: OnButton_Save_Clicked
      objectReference: {fileID: 0}
    - target: {fileID: 3159105179604446315, guid: 7fd160ed594203d45ab0f6dd23cf4c84, type: 3}
      propertyPath: m_OnClick.m_PersistentCalls.m_Calls.Array.data[0].m_TargetAssemblyTypeName
      value: Save, Assembly-CSharp
      objectReference: {fileID: 0}
    - target: {fileID: 3189360536428130719, guid: 7fd160ed594203d45ab0f6dd23cf4c84, type: 3}
      propertyPath: m_OnClick.m_PersistentCalls.m_Calls.Array.data[0].m_Target
      value: 
      objectReference: {fileID: 6479979390250084176}
    - target: {fileID: 3189360536428130719, guid: 7fd160ed594203d45ab0f6dd23cf4c84, type: 3}
      propertyPath: m_OnClick.m_PersistentCalls.m_Calls.Array.data[0].m_MethodName
      value: On_OpenProject_Button_ChoosePath_Clicked
      objectReference: {fileID: 0}
    - target: {fileID: 3189360536428130719, guid: 7fd160ed594203d45ab0f6dd23cf4c84, type: 3}
      propertyPath: m_OnClick.m_PersistentCalls.m_Calls.Array.data[0].m_TargetAssemblyTypeName
      value: File, Assembly-CSharp
      objectReference: {fileID: 0}
    - target: {fileID: 3474184558074306178, guid: 7fd160ed594203d45ab0f6dd23cf4c84, type: 3}
      propertyPath: m_fontSize
      value: 35.8
      objectReference: {fileID: 0}
    - target: {fileID: 3696412750070564781, guid: 7fd160ed594203d45ab0f6dd23cf4c84, type: 3}
      propertyPath: m_OnClick.m_PersistentCalls.m_Calls.Array.size
      value: 1
      objectReference: {fileID: 0}
    - target: {fileID: 3696412750070564781, guid: 7fd160ed594203d45ab0f6dd23cf4c84, type: 3}
      propertyPath: m_OnClick.m_PersistentCalls.m_Calls.Array.data[0].m_Mode
      value: 1
      objectReference: {fileID: 0}
    - target: {fileID: 3696412750070564781, guid: 7fd160ed594203d45ab0f6dd23cf4c84, type: 3}
      propertyPath: m_OnClick.m_PersistentCalls.m_Calls.Array.data[0].m_Target
      value: 
      objectReference: {fileID: 6479979390250084176}
    - target: {fileID: 3696412750070564781, guid: 7fd160ed594203d45ab0f6dd23cf4c84, type: 3}
      propertyPath: m_OnClick.m_PersistentCalls.m_Calls.Array.data[0].m_CallState
      value: 2
      objectReference: {fileID: 0}
    - target: {fileID: 3696412750070564781, guid: 7fd160ed594203d45ab0f6dd23cf4c84, type: 3}
      propertyPath: m_OnClick.m_PersistentCalls.m_Calls.Array.data[0].m_MethodName
      value: On_NewProject_Button_ChoosePath_Clicked
      objectReference: {fileID: 0}
    - target: {fileID: 3696412750070564781, guid: 7fd160ed594203d45ab0f6dd23cf4c84, type: 3}
      propertyPath: m_OnClick.m_PersistentCalls.m_Calls.Array.data[0].m_TargetAssemblyTypeName
      value: File, Assembly-CSharp
      objectReference: {fileID: 0}
    - target: {fileID: 3696412750070564781, guid: 7fd160ed594203d45ab0f6dd23cf4c84, type: 3}
      propertyPath: m_OnClick.m_PersistentCalls.m_Calls.Array.data[0].m_Arguments.m_ObjectArgumentAssemblyTypeName
      value: UnityEngine.Object, UnityEngine
      objectReference: {fileID: 0}
    - target: {fileID: 3742429221394998752, guid: 7fd160ed594203d45ab0f6dd23cf4c84, type: 3}
      propertyPath: fileType
      value: 
      objectReference: {fileID: 8180100700267407810}
    - target: {fileID: 3742429221394998752, guid: 7fd160ed594203d45ab0f6dd23cf4c84, type: 3}
      propertyPath: pieciolinia
      value: 
      objectReference: {fileID: 8868029274555883036}
    - target: {fileID: 3742429221394998752, guid: 7fd160ed594203d45ab0f6dd23cf4c84, type: 3}
      propertyPath: projectContoller
      value: 
      objectReference: {fileID: 8355811036224668650}
    - target: {fileID: 3750858613136124460, guid: 7fd160ed594203d45ab0f6dd23cf4c84, type: 3}
      propertyPath: m_OnClick.m_PersistentCalls.m_Calls.Array.data[0].m_Target
      value: 
      objectReference: {fileID: 3926258743727501094}
    - target: {fileID: 3750858613136124460, guid: 7fd160ed594203d45ab0f6dd23cf4c84, type: 3}
      propertyPath: m_OnClick.m_PersistentCalls.m_Calls.Array.data[0].m_MethodName
      value: OnButton_No_Clicked
      objectReference: {fileID: 0}
    - target: {fileID: 3750858613136124460, guid: 7fd160ed594203d45ab0f6dd23cf4c84, type: 3}
      propertyPath: m_OnClick.m_PersistentCalls.m_Calls.Array.data[0].m_TargetAssemblyTypeName
      value: Save, Assembly-CSharp
      objectReference: {fileID: 0}
    - target: {fileID: 4754332204881096223, guid: 7fd160ed594203d45ab0f6dd23cf4c84, type: 3}
      propertyPath: piano
      value: 
      objectReference: {fileID: 3686276697079160780}
    - target: {fileID: 4754332204881096223, guid: 7fd160ed594203d45ab0f6dd23cf4c84, type: 3}
      propertyPath: pieciolinia
      value: 
      objectReference: {fileID: 8868029274555883036}
    - target: {fileID: 4754332204881096223, guid: 7fd160ed594203d45ab0f6dd23cf4c84, type: 3}
      propertyPath: leftHandTact
      value: 
      objectReference: {fileID: 2961597196854194817}
    - target: {fileID: 4754332204881096223, guid: 7fd160ed594203d45ab0f6dd23cf4c84, type: 3}
      propertyPath: rightHandTact
      value: 
      objectReference: {fileID: 9177920657033600610}
    - target: {fileID: 4754332204881096223, guid: 7fd160ed594203d45ab0f6dd23cf4c84, type: 3}
      propertyPath: projectContoller
      value: 
      objectReference: {fileID: 8355811036224668650}
    - target: {fileID: 5062536596244218996, guid: 7fd160ed594203d45ab0f6dd23cf4c84, type: 3}
      propertyPath: m_Name
      value: Settings Bar
      objectReference: {fileID: 0}
    - target: {fileID: 5662144983404595377, guid: 7fd160ed594203d45ab0f6dd23cf4c84, type: 3}
      propertyPath: m_fontSize
      value: 26.85
      objectReference: {fileID: 0}
    - target: {fileID: 5662144983404595377, guid: 7fd160ed594203d45ab0f6dd23cf4c84, type: 3}
      propertyPath: m_fontColor32.rgba
      value: 4278190080
      objectReference: {fileID: 0}
    - target: {fileID: 5761846643390948066, guid: 7fd160ed594203d45ab0f6dd23cf4c84, type: 3}
      propertyPath: m_IsActive
      value: 0
      objectReference: {fileID: 0}
    - target: {fileID: 6327700855794887943, guid: 7fd160ed594203d45ab0f6dd23cf4c84, type: 3}
      propertyPath: pieciolinia
      value: 
      objectReference: {fileID: 8868029274555883036}
    - target: {fileID: 6664934812494146966, guid: 7fd160ed594203d45ab0f6dd23cf4c84, type: 3}
      propertyPath: pieciolinia
      value: 
      objectReference: {fileID: 3200238998835665834}
    - target: {fileID: 6664934812494146966, guid: 7fd160ed594203d45ab0f6dd23cf4c84, type: 3}
      propertyPath: projectContoller
      value: 
      objectReference: {fileID: 8355811036224668650}
    - target: {fileID: 6687394427840298997, guid: 7fd160ed594203d45ab0f6dd23cf4c84, type: 3}
      propertyPath: m_OnClick.m_PersistentCalls.m_Calls.Array.data[0].m_Target
      value: 
      objectReference: {fileID: 3926258743727501094}
    - target: {fileID: 6687394427840298997, guid: 7fd160ed594203d45ab0f6dd23cf4c84, type: 3}
      propertyPath: m_OnClick.m_PersistentCalls.m_Calls.Array.data[0].m_MethodName
      value: On_SaveType_Button_Exit_Clicked
      objectReference: {fileID: 0}
    - target: {fileID: 6687394427840298997, guid: 7fd160ed594203d45ab0f6dd23cf4c84, type: 3}
      propertyPath: m_OnClick.m_PersistentCalls.m_Calls.Array.data[0].m_TargetAssemblyTypeName
      value: Save, Assembly-CSharp
      objectReference: {fileID: 0}
    - target: {fileID: 7989938020439328117, guid: 7fd160ed594203d45ab0f6dd23cf4c84, type: 3}
      propertyPath: m_OnClick.m_PersistentCalls.m_Calls.Array.data[0].m_Target
      value: 
      objectReference: {fileID: 3926258743727501094}
    - target: {fileID: 7989938020439328117, guid: 7fd160ed594203d45ab0f6dd23cf4c84, type: 3}
      propertyPath: m_OnClick.m_PersistentCalls.m_Calls.Array.data[0].m_MethodName
      value: OnButton_Exit_Clicked
      objectReference: {fileID: 0}
    - target: {fileID: 7989938020439328117, guid: 7fd160ed594203d45ab0f6dd23cf4c84, type: 3}
      propertyPath: m_OnClick.m_PersistentCalls.m_Calls.Array.data[0].m_TargetAssemblyTypeName
      value: Save, Assembly-CSharp
      objectReference: {fileID: 0}
    - target: {fileID: 8245869448296791911, guid: 7fd160ed594203d45ab0f6dd23cf4c84, type: 3}
      propertyPath: m_LocalScale.y
      value: 1.08
      objectReference: {fileID: 0}
    - target: {fileID: 8245869448296791911, guid: 7fd160ed594203d45ab0f6dd23cf4c84, type: 3}
      propertyPath: m_LocalPosition.x
      value: 0
      objectReference: {fileID: 0}
    - target: {fileID: 8245869448296791911, guid: 7fd160ed594203d45ab0f6dd23cf4c84, type: 3}
      propertyPath: m_LocalPosition.y
      value: 503
      objectReference: {fileID: 0}
    - target: {fileID: 8245869448296791911, guid: 7fd160ed594203d45ab0f6dd23cf4c84, type: 3}
      propertyPath: m_LocalPosition.z
      value: 0
      objectReference: {fileID: 0}
    - target: {fileID: 8245869448296791911, guid: 7fd160ed594203d45ab0f6dd23cf4c84, type: 3}
      propertyPath: m_LocalRotation.w
      value: 1
      objectReference: {fileID: 0}
    - target: {fileID: 8245869448296791911, guid: 7fd160ed594203d45ab0f6dd23cf4c84, type: 3}
      propertyPath: m_LocalRotation.x
      value: 0
      objectReference: {fileID: 0}
    - target: {fileID: 8245869448296791911, guid: 7fd160ed594203d45ab0f6dd23cf4c84, type: 3}
      propertyPath: m_LocalRotation.y
      value: 0
      objectReference: {fileID: 0}
    - target: {fileID: 8245869448296791911, guid: 7fd160ed594203d45ab0f6dd23cf4c84, type: 3}
      propertyPath: m_LocalRotation.z
      value: 0
      objectReference: {fileID: 0}
    - target: {fileID: 8245869448296791911, guid: 7fd160ed594203d45ab0f6dd23cf4c84, type: 3}
      propertyPath: m_LocalEulerAnglesHint.x
      value: 0
      objectReference: {fileID: 0}
    - target: {fileID: 8245869448296791911, guid: 7fd160ed594203d45ab0f6dd23cf4c84, type: 3}
      propertyPath: m_LocalEulerAnglesHint.y
      value: 0
      objectReference: {fileID: 0}
    - target: {fileID: 8245869448296791911, guid: 7fd160ed594203d45ab0f6dd23cf4c84, type: 3}
      propertyPath: m_LocalEulerAnglesHint.z
      value: 0
      objectReference: {fileID: 0}
    - target: {fileID: 8645713184206005740, guid: 7fd160ed594203d45ab0f6dd23cf4c84, type: 3}
      propertyPath: m_OnClick.m_PersistentCalls.m_Calls.Array.data[0].m_Target
      value: 
      objectReference: {fileID: 3926258743727501094}
    - target: {fileID: 8645713184206005740, guid: 7fd160ed594203d45ab0f6dd23cf4c84, type: 3}
      propertyPath: m_OnClick.m_PersistentCalls.m_Calls.Array.data[0].m_MethodName
      value: On_Save_Button_Exit_Clicked
      objectReference: {fileID: 0}
    - target: {fileID: 8645713184206005740, guid: 7fd160ed594203d45ab0f6dd23cf4c84, type: 3}
      propertyPath: m_OnClick.m_PersistentCalls.m_Calls.Array.data[0].m_TargetAssemblyTypeName
      value: Save, Assembly-CSharp
      objectReference: {fileID: 0}
    - target: {fileID: 8856816204342603481, guid: 7fd160ed594203d45ab0f6dd23cf4c84, type: 3}
      propertyPath: m_OnClick.m_PersistentCalls.m_Calls.Array.data[0].m_Target
      value: 
      objectReference: {fileID: 3926258743727501094}
    - target: {fileID: 8856816204342603481, guid: 7fd160ed594203d45ab0f6dd23cf4c84, type: 3}
      propertyPath: m_OnClick.m_PersistentCalls.m_Calls.Array.data[0].m_MethodName
      value: OnButton_Yes_Clicked
      objectReference: {fileID: 0}
    - target: {fileID: 8856816204342603481, guid: 7fd160ed594203d45ab0f6dd23cf4c84, type: 3}
      propertyPath: m_OnClick.m_PersistentCalls.m_Calls.Array.data[0].m_TargetAssemblyTypeName
      value: Save, Assembly-CSharp
      objectReference: {fileID: 0}
    - target: {fileID: 8892927931471657070, guid: 7fd160ed594203d45ab0f6dd23cf4c84, type: 3}
      propertyPath: m_fontSize
      value: 31.3
      objectReference: {fileID: 0}
    - target: {fileID: 8892927931471657070, guid: 7fd160ed594203d45ab0f6dd23cf4c84, type: 3}
      propertyPath: m_fontColor32.rgba
      value: 4278190080
      objectReference: {fileID: 0}
    - target: {fileID: 9196957022767145396, guid: 7fd160ed594203d45ab0f6dd23cf4c84, type: 3}
      propertyPath: m_fontSize
      value: 35.8
      objectReference: {fileID: 0}
    - target: {fileID: 9196957022767145396, guid: 7fd160ed594203d45ab0f6dd23cf4c84, type: 3}
      propertyPath: m_fontColor32.rgba
      value: 4278519045
      objectReference: {fileID: 0}
    m_RemovedComponents:
    - {fileID: 8307907706345403731, guid: 7fd160ed594203d45ab0f6dd23cf4c84, type: 3}
    - {fileID: 6327700855794887943, guid: 7fd160ed594203d45ab0f6dd23cf4c84, type: 3}
    m_RemovedGameObjects: []
    m_AddedGameObjects: []
    m_AddedComponents: []
  m_SourcePrefab: {fileID: 100100000, guid: 7fd160ed594203d45ab0f6dd23cf4c84, type: 3}
--- !u!4 &1760190517289090519 stripped
Transform:
  m_CorrespondingSourceObject: {fileID: 8245869448296791911, guid: 7fd160ed594203d45ab0f6dd23cf4c84, type: 3}
  m_PrefabInstance: {fileID: 7638744197565973168}
  m_PrefabAsset: {fileID: 0}
--- !u!114 &3168425907100331183 stripped
MonoBehaviour:
  m_CorrespondingSourceObject: {fileID: 4754332204881096223, guid: 7fd160ed594203d45ab0f6dd23cf4c84, type: 3}
  m_PrefabInstance: {fileID: 7638744197565973168}
  m_PrefabAsset: {fileID: 0}
  m_GameObject: {fileID: 0}
  m_Enabled: 1
  m_EditorHideFlags: 0
  m_Script: {fileID: 11500000, guid: ee76239a7caf3df4c86a1455d7595cfd, type: 3}
  m_Name: 
  m_EditorClassIdentifier: 
--- !u!114 &3926258743727501094 stripped
MonoBehaviour:
  m_CorrespondingSourceObject: {fileID: 6664934812494146966, guid: 7fd160ed594203d45ab0f6dd23cf4c84, type: 3}
  m_PrefabInstance: {fileID: 7638744197565973168}
  m_PrefabAsset: {fileID: 0}
  m_GameObject: {fileID: 0}
  m_Enabled: 1
  m_EditorHideFlags: 0
  m_Script: {fileID: 11500000, guid: ac7c54c6b580f464d8ea849078a4e679, type: 3}
  m_Name: 
  m_EditorClassIdentifier: 
--- !u!114 &6479979390250084176 stripped
MonoBehaviour:
  m_CorrespondingSourceObject: {fileID: 3742429221394998752, guid: 7fd160ed594203d45ab0f6dd23cf4c84, type: 3}
  m_PrefabInstance: {fileID: 7638744197565973168}
  m_PrefabAsset: {fileID: 0}
  m_GameObject: {fileID: 0}
  m_Enabled: 1
  m_EditorHideFlags: 0
  m_Script: {fileID: 11500000, guid: ffde79c2ea9b0b842a6eb91a907f93d8, type: 3}
  m_Name: 
  m_EditorClassIdentifier: 
--- !u!114 &8180100700267407810 stripped
MonoBehaviour:
  m_CorrespondingSourceObject: {fileID: 1983777769957616498, guid: 7fd160ed594203d45ab0f6dd23cf4c84, type: 3}
  m_PrefabInstance: {fileID: 7638744197565973168}
  m_PrefabAsset: {fileID: 0}
  m_GameObject: {fileID: 0}
  m_Enabled: 1
  m_EditorHideFlags: 0
  m_Script: {fileID: 11500000, guid: 7b743370ac3e4ec2a1668f5455a8ef8a, type: 3}
  m_Name: 
  m_EditorClassIdentifier: 
